<collection xmlns="http://www.loc.gov/MARC21/slim"><record><leader>00592nam  2200181   450</leader><controlfield tag="001">667</controlfield><controlfield tag="003">http://montalegre.opacnet.com/OPAC/default.aspx?ContentAreaControl=ShowRegHoldings.ascx&amp;RegNo=16662</controlfield><datafield tag="100" ind1=" " ind2=" "><subfield code="a">19860611d1986    k  y0pora010305  ba</subfield></datafield><datafield tag="101" ind1="0" ind2=" "><subfield code="a">por</subfield></datafield><datafield tag="102" ind1=" " ind2=" "><subfield code="a">PT</subfield></datafield><datafield tag="200" ind1="1" ind2=" "><subfield code="a">Viagens por sítios onde...</subfield><subfield code="f">Alexandre Honrado</subfield></datafield><datafield tag="210" ind1=" " ind2=" "><subfield code="a">Lisboa</subfield><subfield code="c">Nave</subfield><subfield code="d">D.L. 1986</subfield></datafield><datafield tag="215" ind1=" " ind2=" "><subfield code="a">24 p.</subfield><subfield code="c">il.</subfield><subfield code="d">27 cm</subfield></datafield><datafield tag="675" ind1=" " ind2=" "><subfield code="a">087.5</subfield><subfield code="v">med</subfield><subfield code="z">por</subfield></datafield><datafield tag="700" ind1=" " ind2="1"><subfield code="a">Honrado</subfield><subfield code="b">Alexandre</subfield><subfield code="f">1960-</subfield></datafield><datafield tag="801" ind1=" " ind2="0"><subfield code="a">PT</subfield><subfield code="b">Biblioteca Municipal de Montalegre</subfield><subfield code="g">RPC</subfield></datafield><datafield tag="856" ind1=" " ind2=" "><subfield code="u">locateMedia.asp?cod=20060523113245&amp;ext=jpg</subfield><subfield code="z">CAPA</subfield></datafield><datafield tag="909" ind1="&#9;" ind2=" "><subfield code="a">2</subfield></datafield><datafield tag="966" ind1=" " ind2=" "><subfield code="a">0001272</subfield><subfield code="l">BMM</subfield><subfield code="s">SI 82-93 HON via</subfield></datafield><datafield tag="966" ind1=" " ind2=" "><subfield code="a">0001273</subfield><subfield code="l">BMM</subfield><subfield code="s">SI 82-93 HON via</subfield></datafield></record></collection>